@MISC{Will14computingmod,
    author = {Mark A. Will and Ryan K. L. Ko},
    title = {Computing Mod Without Mod},
    year = {2014}
}
@book{Menezes,
author = {Menezes, Alfred J. and Vanstone, Scott A. and Oorschot, Paul C. Van},
title = {Handbook of Applied Cryptography},
year = {1996},
isbn = {0849385237},
publisher = {CRC Press, Inc.},
address = {USA},
edition = {1st},
abstract = {From the Publisher:A valuable reference for the novice as well as for the expert who needs a wider scope of coverage within the area of cryptography, this book provides easy and rapid access of information and includes more than 200 algorithms and protocols; more than 200 tables and figures; more than 1,000 numbered definitions, facts, examples, notes, and remarks; and over 1,250 significant references, including brief comments on each paper.}
}
@article{Rivest1978,
   author = {R. L. Rivest and A. Shamir and L. Adleman},
   doi = {10.1145/359340.359342},
   issn = {0001-0782},
   issue = {2},
   journal = {Communications of the ACM},
   month = {2},
   title = {A method for obtaining digital signatures and public-key cryptosystems},
   volume = {21},
   year = {1978},
}
@misc{AreStrongPrimesNeedForRsa,
  title={Are 'Strong' Primes Needed for RSA},
  booktitle={IACR Eprint archive},
  keywords={public-key cryptography /},
  url={http://eprint.iacr.org/2001/007},
  note={ rsilverman@rsasecurity.com 11352 received 30 Jan 2001},
  author={Ron Rivest and Robert Silverman},
  year=2001
}
@MISC{giaotrinh,
    author = {Bùi Doãn Khanh và Nguyễn Đình Thúc},
    title = {Giáo trình mã hóa thông tin: Lý thuyết và ứng dụng},
    year = {2004}
}
@article{Quisquater1982,
   author = {J.-J. Quisquater and C. Couvreur},
   doi = {10.1049/el:19820617},
   issn = {00135194},
   issue = {21},
   journal = {Electronics Letters},
   title = {Fast decipherment algorithm for RSA public-key cryptosystem},
   volume = {18},
   year = {1982}
}
